<record><leader>00000cas a22000007a 4500</leader><controlfield tag="001">12099385</controlfield><controlfield tag="008">850531c19849999utuwr ne      0    0eng d</controlfield><datafield ind1=" " ind2=" " tag="010"><subfield code="a">sn 85058148 </subfield></datafield><datafield ind1=" " ind2=" " tag="040"><subfield code="a">UNP</subfield><subfield code="b">eng</subfield><subfield code="c">UNP</subfield><subfield code="d">UBY</subfield><subfield code="d">OCLCQ</subfield><subfield code="d">OCLCF</subfield><subfield code="d">OCLCO</subfield></datafield><datafield ind1=" " ind2=" " tag="032"><subfield code="a">14926000</subfield><subfield code="b">USPS</subfield></datafield><datafield ind1=" " ind2=" " tag="042"><subfield code="a">msc</subfield></datafield><datafield ind1=" " ind2=" " tag="043"><subfield code="a">n-us-ut</subfield></datafield><datafield ind1="0" ind2="0" tag="245"><subfield code="a">Davis reflex-journal.</subfield></datafield><datafield ind1="3" ind2="0" tag="246"><subfield code="a">Reflex-journal</subfield></datafield><datafield ind1=" " ind2=" " tag="260"><subfield code="a">[Bountiful, Utah :</subfield><subfield code="b">Clipper Pub. Co.],</subfield><subfield code="c">1984-</subfield></datafield><datafield ind1=" " ind2=" " tag="300"><subfield code="a">v. :</subfield><subfield code="b">ill. ;</subfield><subfield code="c">58 cm.</subfield></datafield><datafield ind1=" " ind2=" " tag="310"><subfield code="a">Weekly</subfield></datafield><datafield ind1="0" ind2=" " tag="362"><subfield code="a">Vol. 79, no. 3 (May 2, 1984)-</subfield></datafield><datafield ind1=" " ind2=" " tag="500"><subfield code="a">Printed at the office of: Davis County clipper.</subfield></datafield><datafield ind1=" " ind2=" " tag="525"><subfield code="a">Many issues include supplements.</subfield></datafield><datafield ind1=" " ind2=" " tag="580"><subfield code="a">Formed by merger of: Kaysville weekly reflex, and: Davis news journal.</subfield></datafield><datafield ind1=" " ind2="0" tag="651"><subfield code="a">Davis County (Utah)</subfield><subfield code="v">Newspapers.</subfield></datafield><datafield ind1=" " ind2="0" tag="651"><subfield code="a">Bountiful (Utah)</subfield><subfield code="v">Newspapers.</subfield></datafield><datafield ind1=" " ind2="7" tag="655"><subfield code="a">Newspapers.</subfield><subfield code="2">fast</subfield><subfield code="0">(OCoLC)fst01423814</subfield></datafield><datafield ind1=" " ind2="7" tag="651"><subfield code="a">Utah</subfield><subfield code="z">Bountiful.</subfield><subfield code="2">fast</subfield><subfield code="0">(OCoLC)fst01216822</subfield></datafield><datafield ind1=" " ind2="7" tag="651"><subfield code="a">Utah</subfield><subfield code="z">Davis County.</subfield><subfield code="2">fast</subfield><subfield code="0">(OCoLC)fst01218126</subfield></datafield><datafield ind1=" " ind2=" " tag="752"><subfield code="a">United States</subfield><subfield code="b">Utah</subfield><subfield code="c">Davis</subfield><subfield code="d">Bountiful.</subfield></datafield><datafield ind1="1" ind2="4" tag="780"><subfield code="t">Kaysville weekly reflex</subfield><subfield code="w">(DLC)sn 83007472</subfield><subfield code="w">(OCoLC)9421170</subfield></datafield><datafield ind1="1" ind2="4" tag="780"><subfield code="t">Davis news journal</subfield><subfield code="w">(DLC)sn 85058096</subfield><subfield code="w">(OCoLC)11875591</subfield></datafield><datafield ind1="1" ind2=" " tag="787"><subfield code="t">Davis County clipper</subfield><subfield code="w">(DLC)sn 85058089</subfield><subfield code="w">(OCoLC)11930754</subfield></datafield></record>